%% This BibTeX bibliography file was created using BibDesk.
%% http://bibdesk.sourceforge.net/


%% Created for Nils Ryde at 2013-03-28 11:13:41 +0100


%% Saved with string encoding Western (ASCII)


@string{aa = {A\&A}}

@string{aap = {A\&A}}


@string{an = {AN}}

@string{aas = {A\&AS}}

@string{aj = "AJ"}

@string{apj = "ApJ"}

@string{apjs = {ApJS}}

@string{apjss = {ApJSS}}

@string{apss = {Ap\&SS}}

@string{araa = {ARA\&A}}

@string{mnras = {MNRAS}}

@string{pasj = {PASJ}}

@string{pasp = {PASP}}

@preamble{ " \newcommand{\noop}[1]{} " } % a do-nothing command that serves a purpose

%% Created using Papers on Thu, 28 May 2015.
%% http://papersapp.com/papers/
@book{leeming:98,
  title={Mythology: The Voyage of the Hero},
  author={Leeming, David Adams},
  year={1998},
  publisher={Oxford University Press}
}

@book{wright:1750,
  title={An original theory or new hypothesis of the universe: founded upon the laws of nature, and solving by mathematical principles the general phnomena of the visible creation; and particularly the via lactea},
  author={Wright, Thomas},
  year={1750}
}

@ARTICLE{dr2,
	author = {{Gaia Collaboration} and {Brown}, A.~G.~A. and {Vallenari}, A. and {Prusti}, T. and {de Bruijne}, J.~H.~J. and {Babusiaux}, C. and {Bailer-Jones}, C.~A.~L. and {Biermann}, M. and {Evans}, D.~W. and {Eyer}, L. and {Jansen}, F. and {Jordi}, C. and {Klioner}, S.~A. and {Lammers}, U. and {Lindegren}, L. and {Luri}, X. and {Mignard}, F. and {Panem}, C. and {Pourbaix}, D. and {Randich}, S. and {Sartoretti}, P. and {Siddiqui}, H.~I. and {Soubiran}, C. and {van Leeuwen}, F. and {Walton}, N.~A. and {Arenou}, F. and {Bastian}, U. and {Cropper}, M. and {Drimmel}, R. and {Katz}, D. and {Lattanzi}, M.~G. and {Bakker}, J. and {Cacciari}, C. and {Casta{\~n}eda}, J. and {Chaoul}, L. and {Cheek}, N. and {De Angeli}, F. and {Fabricius}, C. and {Guerra}, R. and {Holl}, B. and {Masana}, E. and {Messineo}, R. and {Mowlavi}, N. and {Nienartowicz}, K. and {Panuzzo}, P. and {Portell}, J. and {Riello}, M. and {Seabroke}, G.~M. and {Tanga}, P. and {Th{\'e}venin}, F. and {Gracia-Abril}, G. and {Comoretto}, G. and {Garcia-Reinaldos}, M. and {Teyssier}, D. and {Altmann}, M. and {Andrae}, R. and {Audard}, M. and {Bellas-Velidis}, I. and {Benson}, K. and {Berthier}, J. and {Blomme}, R. and {Burgess}, P. and {Busso}, G. and {Carry}, B. and {Cellino}, A. and {Clementini}, G. and {Clotet}, M. and {Creevey}, O. and {Davidson}, M. and {De Ridder}, J. and {Delchambre}, L. and {Dell'Oro}, A. and {Ducourant}, C. and {Fern{\'a}ndez-Hern{\'a}ndez}, J. and {Fouesneau}, M. and {Fr{\'e}mat}, Y. and {Galluccio}, L. and {Garc{\'\i}a-Torres}, M. and {Gonz{\'a}lez-N{\'u}{\~n}ez}, J. and {Gonz{\'a}lez-Vidal}, J.~J. and {Gosset}, E. and {Guy}, L.~P. and {Halbwachs}, J. -L. and {Hambly}, N.~C. and {Harrison}, D.~L. and {Hern{\'a}ndez}, J. and {Hestroffer}, D. and {Hodgkin}, S.~T. and {Hutton}, A. and {Jasniewicz}, G. and {Jean-Antoine-Piccolo}, A. and {Jordan}, S. and {Korn}, A.~J. and {Krone-Martins}, A. and {Lanzafame}, A.~C. and {Lebzelter}, T. and {L{\"o}ffler}, W. and {Manteiga}, M. and {Marrese}, P.~M. and {Mart{\'\i}n-Fleitas}, J.~M. and {Moitinho}, A. and {Mora}, A. and {Muinonen}, K. and {Osinde}, J. and {Pancino}, E. and {Pauwels}, T. and {Petit}, J. -M. and {Recio-Blanco}, A. and {Richards}, P.~J. and {Rimoldini}, L. and {Robin}, A.~C. and {Sarro}, L.~M. and {Siopis}, C. and {Smith}, M. and {Sozzetti}, A. and {S{\"u}veges}, M. and {Torra}, J. and {van Reeven}, W. and {Abbas}, U. and {Abreu Aramburu}, A. and {Accart}, S. and {Aerts}, C. and {Altavilla}, G. and {{\'A}lvarez}, M.~A. and {Alvarez}, R. and {Alves}, J. and {Anderson}, R.~I. and {Andrei}, A.~H. and {Anglada Varela}, E. and {Antiche}, E. and {Antoja}, T. and {Arcay}, B. and {Astraatmadja}, T.~L. and {Bach}, N. and {Baker}, S.~G. and {Balaguer-N{\'u}{\~n}ez}, L. and {Balm}, P. and {Barache}, C. and {Barata}, C. and {Barbato}, D. and {Barblan}, F. and {Barklem}, P.~S. and {Barrado}, D. and {Barros}, M. and {Barstow}, M.~A. and {Bartholom{\'e} Mu{\~n}oz}, S. and {Bassilana}, J. -L. and {Becciani}, U. and {Bellazzini}, M. and {Berihuete}, A. and {Bertone}, S. and {Bianchi}, L. and {Bienaym{\'e}}, O. and {Blanco-Cuaresma}, S. and {Boch}, T. and {Boeche}, C. and {Bombrun}, A. and {Borrachero}, R. and {Bossini}, D. and {Bouquillon}, S. and {Bourda}, G. and {Bragaglia}, A. and {Bramante}, L. and {Breddels}, M.~A. and {Bressan}, A. and {Brouillet}, N. and {Br{\"u}semeister}, T. and {Brugaletta}, E. and {Bucciarelli}, B. and {Burlacu}, A. and {Busonero}, D. and {Butkevich}, A.~G. and {Buzzi}, R. and {Caffau}, E. and {Cancelliere}, R. and {Cannizzaro}, G. and {Cantat-Gaudin}, T. and {Carballo}, R. and {Carlucci}, T. and {Carrasco}, J.~M. and {Casamiquela}, L. and {Castellani}, M. and {Castro-Ginard}, A. and {Charlot}, P. and {Chemin}, L. and {Chiavassa}, A. and {Cocozza}, G. and {Costigan}, G. and {Cowell}, S. and {Crifo}, F. and {Crosta}, M. and {Crowley}, C. and {Cuypers}, J. and {Dafonte}, C. and {Damerdji}, Y. and {Dapergolas}, A. and {David}, P. and {David}, M. and {de Laverny}, P. and {De Luise}, F. and {De March}, R. and {de Martino}, D. and {de Souza}, R. and {de Torres}, A. and {Debosscher}, J. and {del Pozo}, E. and {Delbo}, M. and {Delgado}, A. and {Delgado}, H.~E. and {Di Matteo}, P. and {Diakite}, S. and {Diener}, C. and {Distefano}, E. and {Dolding}, C. and {Drazinos}, P. and {Dur{\'a}n}, J. and {Edvardsson}, B. and {Enke}, H. and {Eriksson}, K. and {Esquej}, P. and {Eynard Bontemps}, G. and {Fabre}, C. and {Fabrizio}, M. and {Faigler}, S. and {Falc{\~a}o}, A.~J. and {Farr{\`a}s Casas}, M. and {Federici}, L. and {Fedorets}, G. and {Fernique}, P. and {Figueras}, F. and {Filippi}, F. and {Findeisen}, K. and {Fonti}, A. and {Fraile}, E. and {Fraser}, M. and {Fr{\'e}zouls}, B. and {Gai}, M. and {Galleti}, S. and {Garabato}, D. and {Garc{\'\i}a-Sedano}, F. and {Garofalo}, A. and {Garralda}, N. and {Gavel}, A. and {Gavras}, P. and {Gerssen}, J. and {Geyer}, R. and {Giacobbe}, P. and {Gilmore}, G. and {Girona}, S. and {Giuffrida}, G. and {Glass}, F. and {Gomes}, M. and {Granvik}, M. and {Gueguen}, A. and {Guerrier}, A. and {Guiraud}, J. and {Guti{\'e}rrez-S{\'a}nchez}, R. and {Haigron}, R. and {Hatzidimitriou}, D. and {Hauser}, M. and {Haywood}, M. and {Heiter}, U. and {Helmi}, A. and {Heu}, J. and {Hilger}, T. and {Hobbs}, D. and {Hofmann}, W. and {Holland}, G. and {Huckle}, H.~E. and {Hypki}, A. and {Icardi}, V. and {Jan{\ss}en}, K. and {Jevardat de Fombelle}, G. and {Jonker}, P.~G. and {Juh{\'a}sz}, {\'A}. L. and {Julbe}, F. and {Karampelas}, A. and {Kewley}, A. and {Klar}, J. and {Kochoska}, A. and {Kohley}, R. and {Kolenberg}, K. and {Kontizas}, M. and {Kontizas}, E. and {Koposov}, S.~E. and {Kordopatis}, G. and {Kostrzewa-Rutkowska}, Z. and {Koubsky}, P. and {Lambert}, S. and {Lanza}, A.~F. and {Lasne}, Y. and {Lavigne}, J. -B. and {Le Fustec}, Y. and {Le Poncin-Lafitte}, C. and {Lebreton}, Y. and {Leccia}, S. and {Leclerc}, N. and {Lecoeur-Taibi}, I. and {Lenhardt}, H. and {Leroux}, F. and {Liao}, S. and {Licata}, E. and {Lindstr{\o}m}, H.~E.~P. and {Lister}, T.~A. and {Livanou}, E. and {Lobel}, A. and {L{\'o}pez}, M. and {Managau}, S. and {Mann}, R.~G. and {Mantelet}, G. and {Marchal}, O. and {Marchant}, J.~M. and {Marconi}, M. and {Marinoni}, S. and {Marschalk{\'o}}, G. and {Marshall}, D.~J. and {Martino}, M. and {Marton}, G. and {Mary}, N. and {Massari}, D. and {Matijevi{\v{c}}}, G. and {Mazeh}, T. and {McMillan}, P.~J. and {Messina}, S. and {Michalik}, D. and {Millar}, N.~R. and {Molina}, D. and {Molinaro}, R. and {Moln{\'a}r}, L. and {Montegriffo}, P. and {Mor}, R. and {Morbidelli}, R. and {Morel}, T. and {Morris}, D. and {Mulone}, A.~F. and {Muraveva}, T. and {Musella}, I. and {Nelemans}, G. and {Nicastro}, L. and {Noval}, L. and {O'Mullane}, W. and {Ord{\'e}novic}, C. and {Ord{\'o}{\~n}ez-Blanco}, D. and {Osborne}, P. and {Pagani}, C. and {Pagano}, I. and {Pailler}, F. and {Palacin}, H. and {Palaversa}, L. and {Panahi}, A. and {Pawlak}, M. and {Piersimoni}, A.~M. and {Pineau}, F. -X. and {Plachy}, E. and {Plum}, G. and {Poggio}, E. and {Poujoulet}, E. and {Pr{\v{s}}a}, A. and {Pulone}, L. and {Racero}, E. and {Ragaini}, S. and {Rambaux}, N. and {Ramos-Lerate}, M. and {Regibo}, S. and {Reyl{\'e}}, C. and {Riclet}, F. and {Ripepi}, V. and {Riva}, A. and {Rivard}, A. and {Rixon}, G. and {Roegiers}, T. and {Roelens}, M. and {Romero-G{\'o}mez}, M. and {Rowell}, N. and {Royer}, F. and {Ruiz-Dern}, L. and {Sadowski}, G. and {Sagrist{\`a} Sell{\'e}s}, T. and {Sahlmann}, J. and {Salgado}, J. and {Salguero}, E. and {Sanna}, N. and {Santana-Ros}, T. and {Sarasso}, M. and {Savietto}, H. and {Schultheis}, M. and {Sciacca}, E. and {Segol}, M. and {Segovia}, J.~C. and {S{\'e}gransan}, D. and {Shih}, I. -C. and {Siltala}, L. and {Silva}, A.~F. and {Smart}, R.~L. and {Smith}, K.~W. and {Solano}, E. and {Solitro}, F. and {Sordo}, R. and {Soria Nieto}, S. and {Souchay}, J. and {Spagna}, A. and {Spoto}, F. and {Stampa}, U. and {Steele}, I.~A. and {Steidelm{\"u}ller}, H. and {Stephenson}, C.~A. and {Stoev}, H. and {Suess}, F.~F. and {Surdej}, J. and {Szabados}, L. and {Szegedi-Elek}, E. and {Tapiador}, D. and {Taris}, F. and {Tauran}, G. and {Taylor}, M.~B. and {Teixeira}, R. and {Terrett}, D. and {Teyssandier}, P. and {Thuillot}, W. and {Titarenko}, A. and {Torra Clotet}, F. and {Turon}, C. and {Ulla}, A. and {Utrilla}, E. and {Uzzi}, S. and {Vaillant}, M. and {Valentini}, G. and {Valette}, V. and {van Elteren}, A. and {Van Hemelryck}, E. and {van Leeuwen}, M. and {Vaschetto}, M. and {Vecchiato}, A. and {Veljanoski}, J. and {Viala}, Y. and {Vicente}, D. and {Vogt}, S. and {von Essen}, C. and {Voss}, H. and {Votruba}, V. and {Voutsinas}, S. and {Walmsley}, G. and {Weiler}, M. and {Wertz}, O. and {Wevers}, T. and {Wyrzykowski}, {\L}. and {Yoldas}, A. and {{\v{Z}}erjal}, M. and {Ziaeepour}, H. and {Zorec}, J. and {Zschocke}, S. and {Zucker}, S. and {Zurbach}, C. and {Zwitter}, T.},
	title = "{Gaia Data Release 2. Summary of the contents and survey properties}",
	journal = {\aap},
	keywords = {catalogs, astrometry, techniques: radial velocities, stars: fundamental parameters, stars: variables: general, minor planets, asteroids: general, Astrophysics - Astrophysics of Galaxies, Astrophysics - Instrumentation and Methods for Astrophysics},
	year = 2018,
	month = aug,
	volume = {616},
	eid = {A1},
	pages = {A1},
	doi = {10.1051/0004-6361/201833051},
	archivePrefix = {arXiv},
	eprint = {1804.09365},
	primaryClass = {astro-ph.GA},
	adsurl = {https://ui.adsabs.harvard.edu/abs/2018A&A...616A...1G},
	adsnote = {Provided by the SAO/NASA Astrophysics Data System}
}

@ARTICLE{helmi:20,
       author = {{Helmi}, Amina},
        title = "{Streams, Substructures, and the Early History of the Milky Way}",
      journal = {\araa},
     keywords = {Astrophysics - Astrophysics of Galaxies},
         year = 2020,
        month = aug,
       volume = {58},
        pages = {205-256},
          doi = {10.1146/annurev-astro-032620-021917},
archivePrefix = {arXiv},
       eprint = {2002.04340},
 primaryClass = {astro-ph.GA},
       adsurl = {https://ui.adsabs.harvard.edu/abs/2020ARA&A..58..205H},
      adsnote = {Provided by the SAO/NASA Astrophysics Data System}
}

@ARTICLE{bland-hawthorn:16,
       author = {{Bland-Hawthorn}, Joss and {Gerhard}, Ortwin},
        title = "{The Galaxy in Context: Structural, Kinematic, and Integrated Properties}",
      journal = {\araa},
     keywords = {Astrophysics - Astrophysics of Galaxies},
         year = 2016,
        month = sep,
       volume = {54},
        pages = {529-596},
          doi = {10.1146/annurev-astro-081915-023441},
archivePrefix = {arXiv},
       eprint = {1602.07702},
 primaryClass = {astro-ph.GA},
       adsurl = {https://ui.adsabs.harvard.edu/abs/2016ARA&A..54..529B},
      adsnote = {Provided by the SAO/NASA Astrophysics Data System}
}

@ARTICLE{zari:22,
       author = {{Zari}, E. and {Frankel}, N. and {Rix}, H. -W.},
        title = "{Did the Milky Way just light up? The recent star formation history of the Galactic disc}",
      journal = {arXiv e-prints},
     keywords = {Astrophysics - Astrophysics of Galaxies},
         year = 2022,
        month = jun,
          eid = {arXiv:2206.02616},
        pages = {arXiv:2206.02616},
archivePrefix = {arXiv},
       eprint = {2206.02616},
 primaryClass = {astro-ph.GA},
       adsurl = {https://ui.adsabs.harvard.edu/abs/2022arXiv220602616Z},
      adsnote = {Provided by the SAO/NASA Astrophysics Data System}
}

@ARTICLE{bensby:14,
       author = {{Bensby}, T. and {Feltzing}, S. and {Oey}, M.~S.},
        title = "{Exploring the Milky Way stellar disk. A detailed elemental abundance study of 714 F and G dwarf stars in the solar neighbourhood}",
      journal = {\aap},
     keywords = {Galaxy: disk, Galaxy: formation, Galaxy: evolution, stars: abundances, stars: fundamental parameters, stars: kinematics and dynamics, Astrophysics - Astrophysics of Galaxies},
         year = 2014,
        month = feb,
       volume = {562},
          eid = {A71},
        pages = {A71},
          doi = {10.1051/0004-6361/201322631},
archivePrefix = {arXiv},
       eprint = {1309.2631},
 primaryClass = {astro-ph.GA},
       adsurl = {https://ui.adsabs.harvard.edu/abs/2014A&A...562A..71B},
      adsnote = {Provided by the SAO/NASA Astrophysics Data System}
}

@ARTICLE{aumer:16,
       author = {{Aumer}, Michael and {Binney}, James and {Sch{\"o}nrich}, Ralph},
        title = "{Age-velocity dispersion relations and heating histories in disc galaxies}",
      journal = {\mnras},
     keywords = {methods: numerical, Galaxy: disc, Galaxy: kinematics and dynamics, galaxies: evolution, galaxies: spiral, Astrophysics - Astrophysics of Galaxies},
         year = 2016,
        month = oct,
       volume = {462},
       number = {2},
        pages = {1697-1713},
          doi = {10.1093/mnras/stw1639},
archivePrefix = {arXiv},
       eprint = {1607.01972},
 primaryClass = {astro-ph.GA},
       adsurl = {https://ui.adsabs.harvard.edu/abs/2016MNRAS.462.1697A},
      adsnote = {Provided by the SAO/NASA Astrophysics Data System}
}

@ARTICLE{katz:21,
       author = {{Katz}, D. and {G{\'o}mez}, A. and {Haywood}, M. and {Snaith}, O. and {Di Matteo}, P.},
        title = "{Radial structure and formation of the Milky Way disc}",
      journal = {\aap},
     keywords = {Galaxy: disk, Galaxy: evolution, Galaxy: abundances, Astrophysics - Astrophysics of Galaxies},
         year = 2021,
        month = nov,
       volume = {655},
          eid = {A111},
        pages = {A111},
          doi = {10.1051/0004-6361/202140453},
archivePrefix = {arXiv},
       eprint = {2102.02082},
 primaryClass = {astro-ph.GA},
       adsurl = {https://ui.adsabs.harvard.edu/abs/2021A&A...655A.111K},
      adsnote = {Provided by the SAO/NASA Astrophysics Data System}
}

 @ARTICLE{martig:14,
       author = {{Martig}, Marie and {Minchev}, Ivan and {Flynn}, Chris},
        title = "{Dissecting simulated disc galaxies - II. The age-velocity relation}",
      journal = {\mnras},
     keywords = {methods: numerical, galaxies: formation, galaxies: kinematics and dynamics, galaxies: structure, Astrophysics - Astrophysics of Galaxies},
         year = 2014,
        month = sep,
       volume = {443},
       number = {3},
        pages = {2452-2462},
          doi = {10.1093/mnras/stu1322},
archivePrefix = {arXiv},
       eprint = {1405.1727},
 primaryClass = {astro-ph.GA},
       adsurl = {https://ui.adsabs.harvard.edu/abs/2014MNRAS.443.2452M},
      adsnote = {Provided by the SAO/NASA Astrophysics Data System}
}

@ARTICLE{martig:16,
       author = {{Martig}, Marie and {Minchev}, Ivan and {Ness}, Melissa and {Fouesneau}, Morgan and {Rix}, Hans-Walter},
        title = "{A Radial Age Gradient in the Geometrically Thick Disk of the Milky Way}",
      journal = {\apj},
     keywords = {Galaxy: abundances, Galaxy: disk, Galaxy: structure, Astrophysics - Astrophysics of Galaxies},
         year = 2016,
        month = nov,
       volume = {831},
       number = {2},
          eid = {139},
        pages = {139},
          doi = {10.3847/0004-637X/831/2/139},
archivePrefix = {arXiv},
       eprint = {1609.01168},
 primaryClass = {astro-ph.GA},
       adsurl = {https://ui.adsabs.harvard.edu/abs/2016ApJ...831..139M},
      adsnote = {Provided by the SAO/NASA Astrophysics Data System}
}

@ARTICLE{mackereth:20,
       author = {{Mackereth}, J. Ted and {Bovy}, Jo},
        title = "{Weighing the stellar constituents of the galactic halo with APOGEE red giant stars}",
      journal = {\mnras},
     keywords = {Galaxy: fundamental parameters, Galaxy: halo, Galaxy: kinematics and dynamics, Galaxy: stellar content, Galaxy: structure, Astrophysics - Astrophysics of Galaxies},
         year = 2020,
        month = mar,
       volume = {492},
       number = {3},
        pages = {3631-3646},
          doi = {10.1093/mnras/staa047},
archivePrefix = {arXiv},
       eprint = {1910.03590},
 primaryClass = {astro-ph.GA},
       adsurl = {https://ui.adsabs.harvard.edu/abs/2020MNRAS.492.3631M},
      adsnote = {Provided by the SAO/NASA Astrophysics Data System}
}

@ARTICLE{dacosta:19,
       author = {{Da Costa}, G.~S. and {Bessell}, M.~S. and {Mackey}, A.~D. and {Nordlander}, T. and {Asplund}, M. and {Casey}, A.~R. and {Frebel}, A. and {Lind}, K. and {Marino}, A.~F. and {Murphy}, S.~J. and {Norris}, J.~E. and {Schmidt}, B.~P. and {Yong}, D.},
        title = "{The SkyMapper DR1.1 search for extremely metal-poor stars}",
      journal = {\mnras},
     keywords = {stars: abundances, stars: Population II, Galaxy: halo, Galaxy: stellar content, Astrophysics - Solar and Stellar Astrophysics, Astrophysics - Astrophysics of Galaxies},
         year = 2019,
        month = nov,
       volume = {489},
       number = {4},
        pages = {5900-5918},
          doi = {10.1093/mnras/stz2550},
archivePrefix = {arXiv},
       eprint = {1909.06227},
 primaryClass = {astro-ph.SR},
       adsurl = {https://ui.adsabs.harvard.edu/abs/2019MNRAS.489.5900D},
      adsnote = {Provided by the SAO/NASA Astrophysics Data System}
}

@ARTICLE{horta:22,
       author = {{Horta}, Danny and {Schiavon}, Ricardo P. and {Mackereth}, J. Ted and {Weinberg}, David H. and {Hasselquist}, Sten and {Feuillet}, Diane and {O'Connell}, Robert W. and {Anguiano}, Borja and {Allende-Prieto}, Carlos and {Beaton}, Rachael L. and {Bizyaev}, Dmitry and {Cunha}, Katia and {Geisler}, Doug and {Garc{\'\i}a-Hern{\'a}ndez}, D.~A. and {Holtzman}, Jon and {J{\"o}nsson}, Henrik and {Lane}, Richard R. and {Majewski}, Steve R. and {M{\'e}sz{\'a}ros}, Szabolcs and {Minniti}, Dante and {Nitschelm}, Christian and {Shetrone}, Matthew and {Smith}, Verne V. and {Zasowski}, Gail},
        title = "{The chemical characterisation of halo substructure in the Milky Way based on APOGEE}",
      journal = {arXiv e-prints},
     keywords = {Astrophysics - Astrophysics of Galaxies},
         year = 2022,
        month = apr,
          eid = {arXiv:2204.04233},
        pages = {arXiv:2204.04233},
archivePrefix = {arXiv},
       eprint = {2204.04233},
 primaryClass = {astro-ph.GA},
       adsurl = {https://ui.adsabs.harvard.edu/abs/2022arXiv220404233H},
      adsnote = {Provided by the SAO/NASA Astrophysics Data System}
}

@ARTICLE{springel:05,
       author = {{Springel}, Volker and {White}, Simon D.~M. and {Jenkins}, Adrian and {Frenk}, Carlos S. and {Yoshida}, Naoki and {Gao}, Liang and {Navarro}, Julio and {Thacker}, Robert and {Croton}, Darren and {Helly}, John and {Peacock}, John A. and {Cole}, Shaun and {Thomas}, Peter and {Couchman}, Hugh and {Evrard}, August and {Colberg}, J{\"o}rg and {Pearce}, Frazer},
        title = "{Simulations of the formation, evolution and clustering of galaxies and quasars}",
      journal = {\nat},
     keywords = {Astrophysics},
         year = 2005,
        month = jun,
       volume = {435},
       number = {7042},
        pages = {629-636},
          doi = {10.1038/nature03597},
archivePrefix = {arXiv},
       eprint = {astro-ph/0504097},
 primaryClass = {astro-ph},
       adsurl = {https://ui.adsabs.harvard.edu/abs/2005Natur.435..629S},
      adsnote = {Provided by the SAO/NASA Astrophysics Data System}
}

@ARTICLE{naidu:20,
       author = {{Naidu}, Rohan P. and {Conroy}, Charlie and {Bonaca}, Ana and {Johnson}, Benjamin D. and {Ting}, Yuan-Sen and {Caldwell}, Nelson and {Zaritsky}, Dennis and {Cargile}, Phillip A.},
        title = "{Evidence from the H3 Survey That the Stellar Halo Is Entirely Comprised of Substructure}",
      journal = {\apj},
     keywords = {Galaxy stellar halos, Galaxy kinematics, Milky Way evolution, Galaxy evolution, Galaxy formation, Milky Way formation, Milky Way Galaxy, Milky Way stellar halo, 598, 602, 1052, 594, 595, 1053, 1054, 1060, Astrophysics - Astrophysics of Galaxies},
         year = 2020,
        month = sep,
       volume = {901},
       number = {1},
          eid = {48},
        pages = {48},
          doi = {10.3847/1538-4357/abaef4},
archivePrefix = {arXiv},
       eprint = {2006.08625},
 primaryClass = {astro-ph.GA},
       adsurl = {https://ui.adsabs.harvard.edu/abs/2020ApJ...901...48N},
      adsnote = {Provided by the SAO/NASA Astrophysics Data System}
}

@ARTICLE{dodd:22,
	author = {{Dodd}, Emma and {Callingham}, Thomas M. and {Helmi}, Amina and {Matsuno}, Tadafumi and {Ruiz-Lara}, Tomas and {Balbinot}, Eduardo and {Lovdal}, Sofie},
	title = "{The Gaia DR3 view of dynamical substructure in the stellar halo near the Sun}",
	journal = {arXiv e-prints},
	keywords = {Astrophysics - Astrophysics of Galaxies},
	year = 2022,
	month = jun,
	eid = {arXiv:2206.11248},
	pages = {arXiv:2206.11248},
	archivePrefix = {arXiv},
	eprint = {2206.11248},
	primaryClass = {astro-ph.GA},
	adsurl = {https://ui.adsabs.harvard.edu/abs/2022arXiv220611248D},
	adsnote = {Provided by the SAO/NASA Astrophysics Data System}
}

@ARTICLE{koppelman:19,
	author = {{Koppelman}, Helmer H. and {Helmi}, Amina and {Massari}, Davide and {Price-Whelan}, Adrian M. and {Starkenburg}, Tjitske K.},
	title = "{Multiple retrograde substructures in the Galactic halo: A shattered view of Galactic history}",
	journal = {\aap},
	keywords = {Galaxy: halo, solar neighborhood, Galaxy: kinematics and dynamics, Galaxy: formation, Galaxy: evolution, Astrophysics - Astrophysics of Galaxies},
	year = 2019,
	month = nov,
	volume = {631},
	eid = {L9},
	pages = {L9},
	doi = {10.1051/0004-6361/201936738},
	archivePrefix = {arXiv},
	eprint = {1909.08924},
	primaryClass = {astro-ph.GA},
	adsurl = {https://ui.adsabs.harvard.edu/abs/2019A&A...631L...9K},
	adsnote = {Provided by the SAO/NASA Astrophysics Data System}
}

@ARTICLE{feuillet:21,
	author = {{Feuillet}, Diane K. and {Sahlholdt}, Christian L. and {Feltzing}, Sofia and {Casagrande}, Luca},
	title = "{Selecting accreted populations: metallicity, elemental abundances, and ages of the Gaia-Sausage-Enceladus and Sequoia populations}",
	journal = {\mnras},
	keywords = {Galaxy: abundances, Galaxy: formation, Galaxy: halo, Galaxy: kinematics and dynamics, Galaxy: stellar content, Astrophysics - Astrophysics of Galaxies},
	year = 2021,
	month = nov,
	volume = {508},
	number = {1},
	pages = {1489-1508},
	doi = {10.1093/mnras/stab2614},
	archivePrefix = {arXiv},
	eprint = {2105.12141},
	primaryClass = {astro-ph.GA},
	adsurl = {https://ui.adsabs.harvard.edu/abs/2021MNRAS.508.1489F},
	adsnote = {Provided by the SAO/NASA Astrophysics Data System}
}





